@article{pineda2013numerical,
  title={Numerical implementation of a multiple-ISV thermodynamically-based work potential theory for modeling progressive damage and failure in fiber-reinforced laminates},
  author={Pineda, Evan J and Waas, Anthony M},
  journal={International journal of fracture},
  volume={182},
  number={1},
  pages={93--122},
  year={2013},
  publisher={Springer}
}


@article{hadden2015mechanical,
  title={Mechanical properties of graphene nanoplatelet/carbon fiber/epoxy hybrid composites: Multiscale modeling and experiments},
  author={Hadden, Cameron M and Klimek-McDonald, Danielle Ren{\'e} and Pineda, Evan J and King, Julie A and Reichanadter, Alex M and Miskioglu, Ibrahim and Gowtham, S and Odegard, Gregory M},
  journal={Carbon},
  volume={95},
  pages={100--112},
  year={2015},
  publisher={Elsevier}
}

@article{pineda2009progressive,
  title={Progressive damage and failure modeling in notched laminated fiber reinforced composites},
  author={Pineda, Evan J and Waas, Anthony M and Bednarcyk, Brett A and Collier, Craig S and Yarrington, Phillip W},
  journal={International journal of fracture},
  volume={158},
  number={2},
  pages={125--143},
  year={2009},
  publisher={Springer}
}



@article{bednarcyk2015meso,
  title={Meso-and micro-scale modeling of damage in plain weave composites},
  author={Bednarcyk, Brett A and Stier, Bertram and Simon, Jaan-W and Reese, Stefanie and Pineda, Evan J},
  journal={Composite Structures},
  volume={121},
  pages={258--270},
  year={2015},
  publisher={Elsevier}
}